<?xml version="1.0" encoding="UTF-8"?><collection xmlns="http://www.loc.gov/MARC21/slim"><record><leader>00387nam--2200133-i-4500</leader><controlfield tag="001">000006204</controlfield><controlfield tag="002">20161230</controlfield><controlfield tag="005">20161230201026</controlfield><controlfield tag="008">060222s1000------------r-----000-0-eng-d</controlfield><datafield ind1=" " ind2=" " tag="100"><subfield code="a">Abresch, Karl Claassen Ingeborg</subfield></datafield><datafield ind1=" " ind2=" " tag="245"><subfield code="a">Die coulometrische analyse</subfield></datafield><datafield ind1=" " ind2=" " tag="260"><subfield code="a">Weinheim/Bergstr. , Verlag Chemie, 1961 Xi+228 P., 64 Fig</subfield></datafield><datafield ind1=" " ind2=" " tag="490"><subfield code="a">Monographien Zu  Angewandte Chemie</subfield></datafield><datafield ind1=" " ind2=" " tag="852"><subfield code="a">18448</subfield></datafield></record></collection>